@inproceedings{dr_advisor,
 author = {Behl, Madhur and Mangharam, Rahul},
 title = {Sometimes, Money Does Grow On Trees: Data-Driven Demand Response with DR-Advisor},
 booktitle = {Proceedings of the 2Nd ACM International Conference on Embedded Systems for Energy-Efficient Built Environments},
 series = {BuildSys '15},
 year = {2015},
 isbn = {978-1-4503-3981-0},
 location = {Seoul, South Korea},
 pages = {137--146},
 numpages = {10},
 url = {http://doi.acm.org/10.1145/2821650.2821664},
 doi = {10.1145/2821650.2821664},
 acmid = {2821664},
 publisher = {ACM},
 address = {New York, NY, USA},
 keywords = {cyber physical systems, demand response, machine learning},
} 

% ============================== INTRO ================================
@article{melillo2014climate,
  title={Climate change impacts in the United States: the third national climate assessment},
  author={Melillo, Jerry M and Richmond, TC and Yohe, Gary W},
  journal={US Global change research program},
  volume={841},
  year={2014}
}

@misc{noaa,
   author =  {NOAA National Centers for Environmental Information},
   title =  {State of the Climate: Global Analysis for August 2015},
   note =  {[published online September 2015, retrieved on October 15, 2015 from http://www.ncdc.noaa.gov/sotc/global/201508.]}
 }
 
@misc{pjmsummer,
   author =  {LCG Consulting},
   title =  {Energy Online: PJM Real-Time Pricing Archives},
   note =  {[retrieved on October 15, 2015 from http://tinyurl.com/pjmsummer]}
 } 
 
 @article{volatility,
  title={PJM response to consumer reports on 2014 winter pricing},
  author={Michael J. Kormos , PJM Interconnection},
  year={2014}
}
 
 @misc{siemensdr,
   author =  {Siemens},
   title =  {Automated Demand Response Using OpenADR: Application Guide},
   volume={125-010},
   year = {2011}
 } 

@article{federal2008assessment,
  title={Assessment of demand response and advanced metering},
  author={Federal Energy Regulatory Commission and others},
  year={2012},
  publisher={Federal Energy Regulatory Commission}
}


@article{pjm,
  title={2014 Demand Response Operations Markets Activity Report},
  author={PJM Interconnection},
  year={2014}
}

@article{navigant,
  title={Demand Response for Commercial \& Industrial Markets
Market Players and Dynamics, Key Technologies, Competitive Overview, 
and Global Market Forecasts},
  author={Navigant Research },
  year={2015}
}


@article{goldman2010coordination,
  title={Coordination of energy efficiency and demand response},
  author={Goldman, Charles},
  journal={Lawrence Berkeley National Laboratory},
  year={2010}
}

@article{Crawley2001319,
title = {EnergyPlus: creating a new-generation building energy simulation program},
author = {Drury B Crawley and Linda K. Lawrie and others},
journal = {	},
volume = {33},
number = {4},
pages = {319 - 331},
year = {2001}
}

@article{new2012autotune,
  title={Autotune e+ building energy models},
  author={New, Joshua R and Sanyal, Jibonananda and Bhandari, Mahabir and Shrestha, Som},
journal = {Proceedings of the 5th National SimBuild of IBPSA-USA},
year = {2012} 
}

@article{yinidentifying,
  title={Identifying efficient operations through linking measurements and models in commercial buildings I: Model development and Calibration},
  author={Yin, Rongxin and Kiliccote, Sila and Piette, Mary Ann}
}

@ARTICLE{sturzeneggermodel, 
author={Sturzenegger, D. and Gyalistras, D. and Morari, M. and Smith, R.S.}, 
journal={Control Systems Technology, IEEE Transactions on}, 
title={Model Predictive Climate Control of a Swiss Office Building: Implementation, Results, and Cost-Benefit Analysis}, 
year={2015},   
keywords={Atmospheric modeling;Buildings;Cooling;Mathematical model;Predictive models;Water heating;Building energy;building modeling;model predictive control (MPC).}, 
doi={10.1109/TCST.2015.2415411}, 
ISSN={1063-6536},}

@article{Mulhall2014327,
author = {Mulhall, R. A.},
title = "Energy price risk and the sustainability of demand side supply chains ",
journal = "Applied Energy ",
volume = "123",
number = "0",
pages = "327 - 334",
year = "2014",
note = "",
issn = "0306-2619"
}


@inproceedings{behl_case14,
author = {Madhur Behl and Truong Nghiem and Rahul Mangharam},
title = {{I}{M}p{A}{C}{T}: Inverse Model Accuracy and Control Performance Toolbox for Buildings},
journal = {IEEE International Conference on Automation Science and Engineering},
year = {2014}
}

@article{behl_iccps14,
author = {Madhur Behl and Truong Nghiem and Rahul Mangharam},
title = {{M}odel-{I}{Q}: Uncertainty Propagation from Sensing to Modeling and Control in Buildings},
journal = {ACM/IEEE International Conference on Cyber-Physical Systems},
year = {2014}
}
% ======================== PROBLEM DEFN =================================

@misc{kozikowski2006demand,
  title={The Demand Response Baseline, v. 1.75},
  author={Kozikowski, D and Breidenbaugh, A and Potter, M},
  year={2006},
  publisher={EnerNOC OPS Publication}
}

% =========================== TREES ====================================

@book{hastie2009elements,
  title={The elements of statistical learning},
  author={Hastie, Trevor and Tibshirani, Robert and Friedman, Jerome and Hastie, T and Friedman, J and Tibshirani, R},
  volume={2},
  number={1},
  year={2009},
  publisher={Springer}
}

@book{breiman1984classification,
  title={Classification and regression trees},
  author={Breiman, Leo and Friedman, Jerome and Stone, Charles J and Olshen, Richard A},
  year={1984},
  publisher={CRC press}
}

@Book{Ripley96,
  author =       {B. D. Ripley},
  title =        {Pattern Recognition and Neural Networks},
  publisher =    {Cambridge University Press},
  address =    7},
  comment =      {PRNNref},
}

@article{giraud1998beyond,
  title={Beyond predictive accuracy: what?},
  author={C Giraud-Carrier},
   journal={Proc. ECML Workshop on Upgrading Learning to Meta-Level: Model Selection and Data Transformation},
  pages={78--85},
  year={1998}
}


@INPROCEEDINGS{Vellido12makingmachine,
    author = {A. Vellido and M. Guerrero and P. Lisboa},
    title = {Making machine learning models interpretable},
    booktitle = {Proc. European Symp. on Artificial Neural Networks, Comp. Intel. and Machine Learning},
    year = {2012}
}

@article{breiman2001random,
  title={Random forests},
  author={Breiman, Leo},
  journal={Machine learning},
  volume={45},
  number={1},
  pages={5--32},
  year={2001},
  publisher={Springer}
}

@article{elith2008working,
  title={A working guide to boosted regression trees},
  author={Elith, J. and Leathwick, J. R and Hastie, T.},
  journal={Journal of Animal Ecology},
  volume={77},
  number={4},
  pages={802--813},
  year={2008},
  publisher={Wiley Online Library}
}

@inproceedings{quinlan1992learning,
  title={Learning with continuous classes},
  author={Quinlan, John R and others},
  booktitle={5th Australian joint conference on artificial intelligence},
  volume={92},
  pages={343--348},
  year={1992},
  organization={Singapore}
}

@article{friedman1991multivariate,
  title={Multivariate adaptive regression splines},
  author={Friedman, Jerome H},
  journal={The annals of statistics},
  pages={1--67},
  year={1991},
  publisher={JSTOR}
}

% ======================== DATA ========================================

@article{referencebuilding,
author = {Deru, M. and Field, K. and Studer, D. and others},
title = {U.S. Department of Energy Commercial Reference Building Models of the National Building Stock.},
publisher = {Washington, DC: U.S. Department of Energy, Energy Efficiency and Renewable Energy, Office of Building Technologies.},
year = {2010}
}

 

@ONLINE{eebhub,
author = {{US Department of Energy}},
title = {{EEB Hub}: Energy Efficient Buildings Hub},
month = Oct,
year = {2013},
url = {http://www.eebhub.org/}
}

@article{braun_inverse,
author = {Braun, James E. and Chaturvedi, Nitin},
title = {An Inverse Gray-Box Model for Transient Building Load Prediction},
journal = {HVAC and R Research},
volume = {8},
number = {1},
pages = {73-99},
year = {2002},
doi = {10.1080/10789669.2002.10391290}
}

===================== case study ============================

@ONLINE{edison,
author = {{Con Edison}},
title = {Demand Response Programs Details},
url = {http://www.coned.com/energyefficiency/pdf/proposed-program-changes.pdf}
}

@article{taleghani2013review,
  title={A review into thermal comfort in buildings},
  author={Taleghani, Mohammad and Tenpierik, Martin and Kurvers, Stanley and van den Dobbelsteen, Andy},
  journal={Renewable and Sustainable Energy Reviews},
  volume={26},
  pages={201--215},
  year={2013},
  publisher={Elsevier}
}

@article{yang2014thermal,
  title={Thermal comfort and building energy consumption implications--a review},
  author={Yang, Liu and Yan, Haiyan and Lam, Joseph C},
  journal={Applied Energy},
  volume={115},
  pages={164--173},
  year={2014},
  publisher={Elsevier}
}

% ========================== related work ===========================

@inproceedings{simmhan2011toward,
  title={Toward data-driven demand-response optimization in a campus microgrid},
  author={Simmhan, Yogesh and Prasanna, Viktor and Aman, Saima and Natarajan, Sreedhar and Yin, Wei and Zhou, Qunzhi},
  booktitle={Proceedings of the Third ACM Workshop on Embedded Sensing Systems for Energy-Efficiency in Buildings},
  pages={41--42},
  year={2011},
  organization={ACM}
}

@inproceedings{yin2012scalable,
  title={Scalable regression tree learning on Hadoop using OpenPlanet},
  author={Yin, Wei and Simmhan, Yogesh and Prasanna, Viktor K},
  booktitle={Proceedings of third international workshop on MapReduce and its Applications Date},
  pages={57--64},
  year={2012},
  organization={ACM}
}

@article{kara2014data,
  title={Data-Driven Approaches to Demand Response: Studies on Thermostatically Controlled Loads and Electric Vehicles},
  author={Kara, Emre Can},
  year={2014}
}

@article{piette2006automated,
  title={Automated demand response strategies and commissioning commercial building controls},
  author={Piette, M. A. and Watson, D. and Motegi, N. and Kiliccote, S. and Linkugel, E.},
  journal={Lawrence Berkeley National Laboratory},
  year={2006}
}

@article{xu2004peak,
  title={Peak demand reduction from pre-cooling with zone temperature reset in an office building},
  author={Xu, Peng and Haves, Philip and Piette, Mary Ann and Braun, James},
  journal={Berkeley National Laboratory},
  year={2004}
}

@inproceedings{oldewurtel2013towards,
  title={Towards a standardized building assessment for demand response},
  author={Oldewurtel, F. and others},
  booktitle={IEEE Conf. on Decision and Control},
  year={2013}
}

@article{auslanderdeep,
  title={Deep Demand Response: The Case Study of the CITRIS Building at the University of California-Berkeley},
  author={Auslander, D. and others},
    year={2012}
}

@article{edwards2012predicting,
  title={Predicting future hourly residential electrical consumption: A machine learning case study},
  author={Edwards, Richard E and New, Joshua and Parker, Lynne E},
  journal={Energy and Buildings},
  volume={49},
  pages={591--603},
  year={2012},
  publisher={Elsevier}
}

@article{van2011model,
  title={A model predictive control strategy for load shifting in a water pumping scheme with maximum demand charges},
  author={Van Staden, Adam Jacobus and Zhang, Jiangfeng and Xia, Xiaohua},
  journal={Applied Energy},
  volume={88},
  number={12},
  pages={4785--4794},
  year={2011},
  publisher={Elsevier}
}

@article{vzavcekova2014towards,
  title={Towards the real-life implementation of MPC for an office building: Identification issues},
  author={{\v{Z}}{\'a}{\v{c}}ekov{\'a}, Eva and V{\'a}{\v{n}}a, Zden{\v{e}}k and Cigler, Ji{\v{r}}{\'\i}},
  journal={Applied Energy},
  volume={135},
  pages={53--62},
  year={2014},
  publisher={Elsevier}
}

@article{kialashaki2013modeling,
  title={Modeling of the energy demand of the residential sector in the United States using regression models and artificial neural networks},
  author={Kialashaki, Arash and Reisel, John R},
  journal={Applied Energy},
  volume={108},
  pages={271--280},
  year={2013},
  publisher={Elsevier}
}

@article{vaghefi2014modeling,
  title={Modeling and forecasting of cooling and electricity load demand},
  author={Vaghefi, A and Jafari, MA and Bisse, E. and Lu, Y and Brouwer, J},
  journal={Applied Energy},
  volume={136},
  pages={186--196},
  year={2014},
  publisher={Elsevier}
}

@article{hong2013fresh,
  title={A fresh look at weather impact on peak electricity demand and energy use of buildings using 30-year actual weather data},
  author={Hong, T. and Chang, W-K. and Lin, H-W},
  journal={Applied Energy},
  volume={111},
  pages={333--350},
  year={2013},
  publisher={Elsevier}
}

@article{mackay1994bayesian,
  title={Bayesian nonlinear modeling for the prediction competition},
  author={MacKay, D. J. and others},
  journal={ASHRAE transactions},
  volume={100},
  number={2},
  pages={1053--1062},
  year={1994}
}

@book{university1979trnsys,
  title={TRNSYS, a transient system simulation program},
  author={University of Wisconsin--Madison. Solar Energy Laboratory and Klein, Sanford A},
  year={1979},
  publisher={Solar Energy Laborataory, University of Wisconsin--Madison}
}

@techreport{kreider1994predicting,
  title={Predicting hourly building energy use: The great energy predictor shootout--Overview and discussion of results},
  author={Kreider, J. F and Haberl, J. S},
  year={1994},
  institution={Am. Society of Heating, Refrigerating and Air-Conditioning Engineers, Inc.,}
}

@article {openadr,
	title = {OpenADR Advances},
	journal = {ASHRAE Journal},
	volume = {54},
	year = {2012},
	month = {11/2012},
	author = {Holmberg, David G. and Girish Ghatikar and Edward Koch and Jim Boch}
}