%%%%%%%%%%%%%%%%%%%%%%%%%%%%%%%%%%%%%%%%%%%%%%%%%%%%%%%%%%%%%%%%%%%%%%%%%%
%%%%%%%%%%%%%%%%% My Refs %%%%%%%%%%%%%%%%%%%%%%%%%%%%%%%%%%%%%%%%%%%%%%%%
%%%%%%%%%%%%%%%%%%%%%%%%%%%%%%%%%%%%%%%%%%%%%%%%%%%%%%%%%%%%%%%%%%%%%%%%%%
@article{firefly,
 author = {R. Mangharam and A. Rowe and R. Rajkumar},
 title = "{FireFly: A Cross-layer Platform for Real-time Embedded Wireless Networks}",
 journal = {Real-Time System Journal},
 year = {2007},
 pages = {183-231},
 volume = {37},
 number = {3},
 publisher = {Springer Netherlands}
}

@article{rtlink,
 author = {Rowe, Anthony and Mangharam, Rahul and Rajkumar, Raj},
 title = {{RT-Link: A} global time-synchronized link protocol for sensor networks},
 journal = {Ad Hoc Networks},
 volume = {6},
 number = {8},
 year = {2008},
 pages = {1201--1220},
 publisher = {Elsevier Science}
 }


@TECHREPORT{evm_arch,
  AUTHOR =        {M. Pajic and R. Mangharam},
  TITLE =         {Embedded Virtual Machines},
  INSTITUTION =   {University of Pennsylvania},
  MONTH =         {Sept.},
  YEAR  =         {2009}
}



@misc{evm_website,
title = {{EVM} website - http://mlab.seas.upenn.edu/evm},
year = {2009}
}

@misc{sim_documentation,
title = {Simulink documentation, {MathWorks}},
year = {2012}
}
%%%%%%%%%%%%%%%%%%%%%%%%%%%%%%%%%%%%%%%%%%%%%%%%%%%%%%%%%%%%%%%%%%%%%%%%%%
%%%%%%%%%%%%%%%%% Intro Refs %%%%%%%%%%%%%%%%%%%%%%%%%%%%%%%%%%%%%%%%%%%%%
%%%%%%%%%%%%%%%%%%%%%%%%%%%%%%%%%%%%%%%%%%%%%%%%%%%%%%%%%%%%%%%%%%%%%%%%%%

@article{market,
author = {Frost and Sullivan},
title = {{North American Sensor Markets, Technical Report A-761-32}},
year = 2004
}

@book{ downtime,
author = {{Nielsen Research}},
title = {Downtime Costs Auto Industry},
year = 2006
}


%%%%%%%%%%%%%%%%%%%%%%%%%%%%%%%%%%%%%%%%%%%%%%%%%%%%%%%%%%%%%%%%%%%%%%%%%%
%%%%%%%%%%%%%%%%% Main Refs %%%%%%%%%%%%%%%%%%%%%%%%%%%%%%%%%%%%%%%%%
%%%%%%%%%%%%%%%%%%%%%%%%%%%%%%%%%%%%%%%%%%%%%%%%%%%%%%%%%%%%%%%%%%%%%%%%%%
@misc{ nanork,
author = {nanoRK},
title = {{Sensor RTOS - http://www.nanork.org}},
year = {2010}
}

@article{platforms,
author = " J. Hill and M. Horton and R. Kling and L. Krishnamurthy",
title = "{ Platforms enabling wireless sensor networks}",
journal = "{Communications of the ACM, 47(6):41-46}",
year = "2004"
}

@article{mate,
 author = {Levis, Philip and Culler, David},
 title = {Mat\'{e}: a tiny virtual machine for sensor networks},
 journal = {SIGARCH Computer Architecture News},
 volume = {30},
 number = {5},
 year = {2002},
 pages = {85--95},
 publisher = {ACM}
 }


@book{forth,
author = " L. Brodie ",
title = "{ Starting FORTH}",
publisher = "{2nd Ed., Prentice-Hall}",
year = "1987"
}

@inproceedings{pockethypervisors:,
    author = "{L. P. Cox and P. M. Chen}",
    title = "{Pocket hypervisors: Opportunities and challenges}",
    journal = "{8th Workshop on Mobile Computing Systems and Applications (HotMobile)}",
    year = "2007"
}

@inproceedings{satya,
   author = "{A. Surie and A. Lagar-cavilla and E. De Lara and M. Satyanarayanan}",
    title = "{Low-Bandwidth VM Migration via Opportunistic Replay}",
   booktitle = "{8th Workshop on Mobile Computing Systems and Applications (HotMobile)}",
    year = "2007"
}

@inproceedings{sos,
 author = {Han, Chih-Chieh and Kumar, Ram and Shea, Roy and Kohler, Eddie and Srivastava, Mani},
 title = {A dynamic operating system for sensor nodes},
 booktitle = {MobiSys '05: Proceedings of the 3rd international conference on Mobile systems, applications, and services},
 year = {2005},
 pages = {163--176},
 publisher = {ACM}
 }


@article{virtual-infra,
author = "G. Chockler and S. Gilbert and N. Lynch",
title = "{Virtual Infrastructure for Collision-Prone Wireless Networks}",
journal = "{PODC}",
year = "2008"
}

@article{virtual-node,
 author = {Brown, Matthew and Gilbert, Seth and Lynch, Nancy and Newport, Calvin and Nolte, Tina and Spindel, Michael},
 title = {{The Virtual Node Layer: A} Programming Abstraction for Wireless Sensor Networks},
 journal = {SIGBED Review},
 volume = {4},
 number = {3},
 year = {2007},
 pages = {7--12}
 }



@inproceedings{liteos,
 author = {Cao, Qing and Abdelzaher, Tarek and Stankovic, John and He, Tian},
 title = "{The LiteOS Operating System: Towards Unix-Like Abstractions for Wireless Sensor Networks}",
 booktitle = {Proceedings of the 7th ACM/IEEE International Conference on Information Processing in Sensor Networks},
 series = {IPSN'08},
 year = {2008},
 pages = {233--244} 
 }



@inproceedings{evm_rtas,
 author = {Pajic, Miroslav and Mangharam, Rahul},
 title = {Embedded Virtual Machines for Robust Wireless Control and Actuation},
 booktitle = {RTAS '10: Proceedings of the 16th IEEE Real-Time and Embedded Technology and Applications Symposium},
 year = {2010},
 pages = {79--88}
 }

 
@inproceedings{evm_wcps,
 author = {Mangharam, Rahul and Pajic, Miroslav},
 title = {Embedded Virtual Machines for Robust Wireless Control Systems},
 booktitle = {ICDCSW '09: Proceedings of the 29th IEEE International Conference on Distributed Computing Systems Workshops},
 year = {2009},
 pages = {38--43}
 }
 
@article{evm_tecs,
  author    = {M. Pajic and A. Chernoguzov and R. Mangharam},
  title     = "{Robust Architectures for Embedded Wireless Network Control and Actuation}",
  journal   = "ACM Transactions on Embedded Computing Systems",
  volume = {11},
  number = {4},
  pages = {82:1--82:24},
  year      = "2012"
}


@inproceedings{pixie,
 author = {Lorincz, Konrad and Chen, Bor-rong and Waterman, Jason and Werner-Allen, Geoff and Welsh, Matt},
 title = {Resource aware programming in the {Pixie OS}},
 booktitle = {SenSys '08: Proceedings of the 6th ACM conference on Embedded network sensor systems},
 year = {2008},
 pages = {211--224},
 publisher = {ACM}
 }


@inproceedings{contiki,
 author = {Dunkels, Adam and Gronvall, Bjorn and Voigt, Thiemo},
 title = {Contiki - A Lightweight and Flexible Operating System for Tiny Networked Sensors},
 booktitle = {LCN '04: Proceedings of the 29th Annual IEEE International Conference on Local Computer Networks},
 year = {2004},
 pages = {455--462},
 }


@article{mantis,
 author = {Bhatti, Shah and Carlson, James and Dai, Hui and Deng, Jing and Rose, Jeff and Sheth, Anmol and Shucker, Brian and Gruenwald, Charles and Torgerson, Adam and Han, Richard},
 title = {{MANTIS OS}: An embedded multithreaded operating system for wireless micro sensor platforms},
 journal = {Mobile Networks and Applications},
 volume = {10},
 number = {4},
 year = {2005},
 pages = {563--579}
 }

 @inproceedings{swissqm,
 author = {M\"{u}ller, Ren\'{e} and Alonso, Gustavo and Kossmann, Donald},
 title = {A virtual machine for sensor networks},
 booktitle = {EuroSys '07: Proceedings of the 2nd ACM SIGOPS/EuroSys European Conference on Computer Systems},
 year = {2007},
 pages = {145--158}
 }


@article{tinyos,
 author = {Hill, Jason and Szewczyk, Robert and Woo, Alec and Hollar, Seth and Culler, David and Pister, Kristofer},
 title = {System architecture directions for networked sensors},
 journal = {SIGPLAN Notices},
 volume = {35},
 number = {11},
 year = {2000},
 pages = {93--104}
 }


@inproceedings{xen,
author = "P. Barham et. al",
title = "{Xen and the art of virtualization}",
journal = "Proc. ACM Symposium on Operating Systems Principles (SOSP)",
year = "2003"
} 

@article{dunkles,
    author = "{A. Dunkels and N. Finne and J. Eriksson and T. Voigt}",
    title = "{Run-time Dynamic Linking for Reprogramming Wireless Sensor Networks}",
    journal = "{ACM SenSys}",
    year = "2006"
}

@inproceedings{scylla,
 author = {Stanley-Marbell, P. and Iftode, L.},
 title = {{Scylla: A smart virtual machine for mobile embedded systems}},
 booktitle = {WMCSA '00: Proceedings of the 3rd IEEE Workshop on Mobile Computing Systems and Applications},
 year = {2000},
 pages = {41--50}
 }


@misc{ ieee802_15_4,
title = "{IEEE 802.15.4-2003 Specifications for Low Rate Wireless Personal Area Networks Part 15.4: Wireless MAC and PHY}",
year = "2003"
}

@book{forth_handbook,
   author = {Edward K. Conklin and Elizabeth D. Rather},
   title= "FORTH Programmer's Handbook",
   publisher = "FORTH Inc",
   year = 2007
   }



@article{ smac,
author = "W. Ye and J. Heidemann and D. Estrin",
title = "{An Energy-Efficient MAC Protocol for Wireless Sensor Networks}",
journal = "INFOCOM",
month = "June",
year = "2002"
}

@article{bqp1,
author = "D.J. Laughunn",
title = "{Quadratic binary programming with applications to capital budgeting problem}",
journal = "Operations Research, vol. 14, pp. 454-461",
year = "1970"
} 

@article{bqp2,
author = "J. Krarup and P.M. Pruzan",
title = "{Computer-aided layout design}",
journal = "Mathematical Programming Study, 9:75-94",
year = "1978"
} 

@article{bqp3,
author = "G. Gallo and P. Hammer and B. Simeone",
title = "{Quadratic knapsack problems}",
journal = "Math. Programming Study. v12. 132-1",
year = "1980"
} 

@article{bqp4,
author = "B. Alidaee and G. A. Kochenberger and A. Ahmad",
title = "{0-1 Quadratic programming approach for optimum solutions of two scheduling problems}",
journal = "Intl. Journal of Systems Science, vol. 25, no. 2, pp. 401-408 ",
year = "1994"
} 

@article{bqp5,
author = "P. Merz and B. Freisleben",
title = "{Genetic algorithms for binary quadratic programming}",
journal = "In GECCO'99, volume 1, pages 417-- 424 ",
year = "1999"
}

@article{ilp,
author = " A. Schrijver ",
title = "{ Theory of Linear and Integer Programming}",
journal = "{John Wiley \& sons}",
year = "1998"
}

%%%%%%%%%%%%%%%%%%%%%%%%%%%%%%%%%%%%%%%%%%%%%%%%%%%%%%%%%%%%%%%%%%%%%%%%%%

@article{disjoint-edeg,
author = " J. Kleinberg ",
title = "{ An approximation algorithm for the disjoint paths problem in even-degree planar graphs}",
journal = "{FOCS}",
year = "2005"
}

@article{link-disjoint,
author = " H.C. Lin and et.el.",
title = "{ Finding Routing Paths for Alternate Routing in All-Optical WDM Networks}",
journal = "{IEEE JLT}",
year = "2008"
}

@article{rnode-conn,
author = " J. Cheriyan and T. Jordán and Z. Nutov",
title = "{ On Rooted Node-Connectivity Problems}",
journal = "{Algorithmica}",
year = "2001"
}

@article{disj-paths,
author = " B. Yang and S.Q. Zheng and E. Lu",
title = {Finding Two Disjoint Paths in a Network with $\alpha^+$-MIN-SUM Objective Function},
journal = "{Algorithms and Computation, Lecture Notes in Computer Science}",
 year = {2005},
 pages = {954-963},
 publisher = {Springer-Verlag}
}

@article{menger,
author = "T. Böhme and F. Göring and J. Harant",
title = "{Menger's Theorem}",
journal = "{Journal of Graph Theory, vol. 37}",
volume = {31},
number = {1},
year = {2001},
pages = {35--36}
}

%%%%VL: 37
%%%%NO: 1
%%%%PG: 35-36
%%%%YR: 2001
%%%%CP: Copyright © 2001 John Wiley & Sons, Inc.
%%%%ON: 1097-0118
%%%%PN: 0364-9024
%%%%AD: Department of Mathematics, Technical University of Ilmenau, D-98684 Ilmenau, Germany
%%%%DOI: 10.1002/jgt.1001
%%%%US: http://dx.doi.org/10.1002/jgt.1001

%%%%%%%%%%%% multi-programming 

@inproceedings{regiment,
 author = {Newton, Ryan and Morrisett, Greg and Welsh, Matt},
 title = {The regiment macroprogramming system},
 booktitle = {Proceedings of the 6th ACM/IEEE International Conference on Information Processing in Sensor Networks},
 series = {IPSN'07},
 year = {2007},
 pages = {489--498}
 }

@inproceedings{abstract-regions,
 author = {Welsh, Matt and Mainland, Geoff},
 title = {Programming sensor networks using abstract regions},
 booktitle = {NSDI'04: Proceedings of the 1st conference on Symposium on Networked Systems Design and Implementation},
 year = {2004}
 }

 
@inproceedings{kairos,
 author = {Ramakrishna Gummadi and Omprakash Gnawali and Ramesh Govindan},
 title = "{Macro-programming wireless sensor networks using Kairos}",
 booktitle = {Distributed Computing in Sensor Systems},
 year = {2005},
 pages = {126-140},
 publisher = {Springer Berlin}
 }


%%%%%%%%%%%% RT scheduling

@article{mode-change,
 author = {Sha, Lui and Rajkumar, Ragunathan and Lehoczky, John and Ramamritham, Krithi},
 title = {Mode change protocols for priority-driven preemptive scheduling},
 journal = {Real-Time Systems Journal},
 year = {1989},
 pages = {126-140},
 volume = {1},
 number = {3},
 publisher = {Springer Netherlands}}
 }
 
@article{mode-change-survey,
 author = {Real, Jorge and Crespo, Alfons},
 title = {Mode change protocols for real-time systems: a survey and a new proposal},
 journal = {Real-Time Systems Journal},
 year = {2004},
 pages = {161-197},
 volume = {26},
 number = {2},
 publisher = {Springer Netherlands}}
 }
 
@book{rts-book,
   author = {J.W.S. Liu},
   title= {Real-Time Systems},
   publisher = {Prentice Hall, Inc.},
   year = 2000
}

%%%%%%%%%%%%
@inproceedings{zchaff,
author = {Zhaohui Fu and Yogesh Mahajan and Sharad Malik},
title = {{New Features of SAT'04 version of zChaff}},
booktitle = {The International Conference on Theory and Applications of Satisfiability Testing},
year = {2004} 
}


}%%%%%%%%%%%%%%%% network control  

@article{ncs_survey,
    author = {J. P. Hespanha and P. Naghshtabrizi and Y. Xu},
    title = {A survey of recent results in networked control systems},
    journal = {Proceedings of the IEEE, Special Issue on Technology of Networked Control Systems},
    year = {2007},
    volume = {95},
		number = {1},
		pages = {138-162}
}


@ARTICLE{ncs_ieeeproc,
author={Baillieul, J. and Antsaklis, P.J.},
journal={Proceedings of the IEEE}, title={Control and Communication Challenges in Networked Real-Time Systems},
year={2007},
volume={95},
number={1},
pages={9 -28}
}




@article{etherware,
    author = {Graham, S. and Baliga, G. and Kumar, P.R.},
    title = {Abstractions, Architecture, Mechanisms, and a Middleware for Networked Control},
		journal = {IEEE Transactions on Automatic Control},
    year = {2009 },
    volume = {54},
    number = {7},
    pages = {1490--1503}
}

@article{loc_ctrl,
    author = {Robinson, C.L. and Kumar, P.R.},
    title = {Optimizing controller location in networked control systems with packet drops},
		journal = {IEEE Journal on Selected Areas in Communications},
    year = {2008},
    volume = {26},
    number = {4},
    pages = {661--671}
}



%%%%%%%%%%%%%%%% process control

@book{process_ctrl,
   author = {Lewin, Daniel R.},
   title= {Using Process Simulators in Chemical Engineering: A Multimedia guide for the Core Curriculum},
   publisher = {Wiley},
   year = 2009
   }

   
@article{shell_problem,
    author = {D.M. Prett and M. Morari},
    title = {The shell process control workshop},
    journal = {Butterworths},
    year = {1986},
}


%%%%%%%%%%% TTA network modeling
@inproceedings{alur_rtas09,
 author = {Alur, Rajeev and D'Innocenzo, Alessandro and Johansson, Karl H. and Pappas, George J. and Weiss, Gera},
 title = {Modeling and Analysis of Multi-hop Control Networks},
 booktitle = {RTAS '09: Proceedings of the 2009 15th IEEE Symposium on Real-Time and Embedded Technology and Applications},
 year = {2009},
 pages = {223--232}
 }

@inproceedings{lui,
    author = {Karl Erik Arzen and Anton Cervin and Johan Eker and Lui Sha},
    title = {An Introduction to Control and Scheduling Co-Design},
		booktitle = {39th IEEE Conference on Decision and Control},
    year = {2000}
}

@article{lui_sampling,
 author = {Anton Cervin and Johan Eker and Bo Bernhardsson and Karl Erik Arzen},
 title = {Feedback Feedforward Scheduling of Control Tasks},
 journal = {Real-Time System Journal},
 year = {2002},
 pages = {25-53},
 volume = {23},
 number = {1-2},
 publisher = {Springer Netherlands}
}


@article{kopetz,
    author = {Kopetz, H. and Bauer, G.},
    title = {{The Time-Triggered Architecture}},
		journal = {Proceedings of the IEEE },
    year = {2003},
    volume = {91},
    number = {1},
    pages = {112--126}
}

