%%%%%%%%%%%%%%%%%%%%%%%%%%%%%%%%%%%%%%%%%%%%%%%%%%%%%%%%%%%%%%%%%%%%%%%%%%
%%%%%%%%%%%%%%%%% My Refs %%%%%%%%%%%%%%%%%%%%%%%%%%%%%%%%%%%%%%%%%%%%%%%%
%%%%%%%%%%%%%%%%%%%%%%%%%%%%%%%%%%%%%%%%%%%%%%%%%%%%%%%%%%%%%%%%%%%%%%%%%%
@ARTICLE{JIISc_distrCPS,author = {Rahul Mangharam and Miroslav Pajic}, title = {{Distributed Control for Cyber-Physical Systems}}, journal = {Journal of the Indian Institute of Science}, year = {2013}, volume = {93}, number = {3}, pages = {353--387} }

R. Mangharam and M. Pajic. “Distributed Control for Cyber-?Physical Systems” Journal of the Indian Institute of Science, Special Issue on Cyber?Physical Systems, Vol.93, No.3. pp. 353--388. September 2013.

@article{evmtechrep,
 author = {R. Mangharam and M. Pajic},
 title = "{Embedded Virtual Networks Tech. Report}",
 journal = "{http://mlab.seas.upenn.edu/evm}",
  year = {2009}
}

@article{rtlink1,
author = "A. Rowe and R. Mangharam and R. Rajkumar",
title = "{RT-Link: A Time-Synchronized Link Protocol for Energy-Constrained Multi-hop Wireless Networks}",
journal = "{IEEE SECON}",
year = "2006"
}

@article{virtual-infra,
author = "G. Chockler and S. Gilbert and N. Lynch",
title = "{Virtual Infrastructure for Collision-Prone Wireless Networks}",
journal = "{PODC}",
year = "2008"
}


%%%%%%%%%%%%%%%%%%%%%%%%%%%%%%%%%%%%%%%%%%%%%%%%%%%%%%%%%%%%%%%%%%%%%%%%%%
%%%%%%%%%%%%%%%%% Intro Refs %%%%%%%%%%%%%%%%%%%%%%%%%%%%%%%%%%%%%%%%%%%%%
%%%%%%%%%%%%%%%%%%%%%%%%%%%%%%%%%%%%%%%%%%%%%%%%%%%%%%%%%%%%%%%%%%%%%%%%%%

@misc{market,
title = "{Frost and Sullivan, North American Sensor Markets, Technical Report A-761-32}",
year = "2004"
}

%%%%%%%%%%%%%%%%%%%%%%%%%%%%%%%%%%%%%%%%%%%%%%%%%%%%%%%%%%%%%%%%%%%%%%%%%%
%%%%%%%%%%%%%%%%% Main Refs %%%%%%%%%%%%%%%%%%%%%%%%%%%%%%%%%%%%%%%%%
%%%%%%%%%%%%%%%%%%%%%%%%%%%%%%%%%%%%%%%%%%%%%%%%%%%%%%%%%%%%%%%%%%%%%%%%%%

@misc{ evm,
title = "Embedded Virtual Machine. http://mlab.seas.upenn.edu/evm"
}

@article{platforms,
author = " J. Hill and M. Horton and R. Kling and L. Krishnamurthy",
title = "{ Platforms enabling wireless sensor networks}",
journal = "{Communications of the ACM, 47(6):41-46}",
year = "2004"
}

@article{disjoint-edeg,
author = " J. Kleinberg ",
title = "{ An approximation algorithm for the disjoint paths problem in even-degree planar graphs}",
journal = "{FOCS}",
year = "2005"
}


@article{ilp2cnf,
author = " J. P. Warners ",
title = "{ A linear-time transformation of linear inequalities into conjunctive normal form}",
journal = "{Information Processing Letters}",
volume = "68",
number = "2",
year = "1998"
}

@article{link-disjoint,
author = " H.C. Lin and et.el.",
title = "{ Finding Routing Paths for Alternate Routing in All-Optical WDM Networks}",
journal = "{IEEE JLT}",
year = "2008"
}


@article{forth,
author = " L. Brodie ",
title = "{ Starting FORTH}",
journal = "{2nd Ed., Prentice-Hall}",
year = "1987"
}

@inproceedings{pockethypervisors:,
    author = "{L. P. Cox and P. M. Chen}",
    title = "{Pocket hypervisors: Opportunities and challenges}",
    journal = "{8th Workshop on Mobile Computing Systems and Applications (HotMobile)}",
    year = "2007"
}

@inproceedings{satya,
   author = "{A. Surie and A. Lagar-cavilla and E. De Lara and M. Satyanarayanan}",
    title = "{Low-Bandwidth VM Migration via Opportunistic Replay}",
   booktitle = "{8th Workshop on Mobile Computing Systems and Applications (HotMobile)}",
    year = "2007"
}


@inproceedings{xen,
author = "P. Barham et. al",
title = "{Xen and the art of virtualization}",
journal = "Proc. ACM Symposium on Operating Systems Principles (SOSP)",
year = "2003"
} 

@article{dunkles,
    author = "{A. Dunkels and N. Finne and J. Eriksson and T. Voigt}",
    title = "{Run-time dynamic linking for reprogramming wireless sensor networks}",
    journal = "{ACM SenSys}",
    year = "2006"
}

@article{mrsense,
    author = "{Jie Liu and Feng Zhao}",
    title = "{Composing semantic services in open sensor-rich environments}",
    journal = "{IEEE Network}",
    year = "2008"
}

@misc{ ieee802_15_4,
title = "{IEEE 802.15.4-2003 Specifications for Low Rate Wireless Personal Area Networks Part 15.4: Wireless MAC and PHY}",
year = "2003"
}


@inproceedings{ bmac,
author = "J. Polastre and J. Hill and D. Culler",
title = "{Versatile Low Power Media Access for Wireless Sensor Networks}",
booktitle = "{SenSys'04: Proceedings of the 2nd international conference on Embedded networked sensor systems}",
pages = {95-107},
year = "2004"
}

@article{ smac,
author = "W. Ye and J. Heidemann and D. Estrin",
title = "{An Energy-Efficient MAC Protocol for Wireless Sensor Networks}",
journal = "INFOCOM",
month = "June",
year = "2002"
}

@article{bqp1,
author = "D.J. Laughunn",
title = "{Quadratic Binary Programming with Applications to Capital Budgeting Problem}",
journal = "Operations Research, vol. 14, pp. 454-461",
year = "1970"
} 

@article{bqp2,
author = "J. Krarup and P.M. Pruzan",
title = "{Computer-aided layout design}",
journal = "Mathematical Programming Study, 9:75-94",
year = "1978"
} 

@article{bqp3,
author = "G. Gallo and P. Hammer and B. Simeone",   
title = "{Quadratic knapsack problems}",
journal = "Math. Programming Study. v12. 132-1",
year = "1980"
} 

@article{bqp4,
author = "B. Alidaee and G. A. Kochenberger and A. Ahmad",
title = "{0-1 Quadratic programming approach for optimum solutions of two scheduling problems}",
journal = "Intl. Journal of Systems Science, vol. 25, no. 2, pp. 401-408 ",
year = "1994"
} 

@article{bqp5,
author = "P. Merz and B. Freisleben",
title = "{Genetic algorithms for binary quadratic programming}",
journal = "In GECCO'99, volume 1, pages 417-- 424 ",
year = "1999"
}


@article{g4,
author = "M. C. de Oliveira and J. Bernussou and J. C. Geromel",
title = "{Anew discrete-time robust stability condition}",
journal = "Systems and Control Letters",
year = "1999"
}

@article{struc,
author = "J. M. Dion and C. Commault and J. van der Woudeb",
title = "{Generic properties and control of linear structured systems: a survey}",
journal = "Automatica  ",
year = "2003"
}


@article{conelin,
author = "L. {El Ghaoui} and F. Oustry and M. {Ait Rami}",
title = "{A cone complementarity linearization algorithm for static output-feedback and related problems}",
journal = "IEEE Transactions on Automatic Control",
volume = "42",
number = "8",
year = "1997",
pages = "1171--1176"
}


@inproceedings{convexifying,
author = "M. C. de Oliveira and J. E Camino and R. E. Skelton",
title = "{A convexifying algorithm for the design of structured linear controllers}",
booktitle = "Proceedings of the 39th IEEE Conference on Decision and Control",
year = "2000",
pages = "2781--2786"
}

@article{convexifying_jour,
author = {J. E Camino  and M. C. de Oliveira and R. E. Skelton},
title = "{``Convexifying'' Linear Matrix Inequality Methods for Integrating Structure and Control Design}",
journal = "Journal of Structural Engineering",
volume = "129",
number = "7",
year = "2003",
pages = "978-988"
}

@INPROCEEDINGS{skelton_struc,
author={J. Han and R.E. Skelton},
booktitle={Proceedings of the 42nd IEEE Conference on Decision and Control}, 
title={{An LMI optimization approach for structured linear controllers}},
year={2003},
pages={5143--5148},
}

@book{skelton_book,
   author = {R. E. Skelton and T. Iwasaki and K.M. Grigoriadis},
   title= {A unified algebraic approach to linear control design},
   publisher = {CRC Press},
   year = 1998
   }

#comment{CRC press}


@article{lcps,
author = "O. L. Mangasarian and J.S. Pang",
title = "{The extended linear complementarity problem}",
journal = "SIAM Journal on Matrix Analysis and and Applications",
volume = 16,
number = 2,
year = "1995",
pages = "359--368"
}

@article{conelin_rep,
author = "L. {El Ghaoui} and F. Oustry and M. {Ait Rami}",
title = "{An LMI-based linearization algorithm for static output-feedback and related problems}",
journal = "Lab. Appl. Math., Ecole Nat. Sup. Techniques Avancees, Paris, France, Tech. Rep",
year = "1995"
}

@article{stability,
author = "Y Ji and HJ Chizeck and X Feng and KA Loparo",
title = "Stability and control of discrete-time jump linear systems",
journal = "Control Theory and Advanced Technology",
year = "1991"
}

@article{elia,
author = "N. Elia",
title = "Remote stabilization over fading channels",
journal = "Systems \& Control Letters",
volume = "54",
number = "3",
pages = "237--249",
year = "2005"
}

%%%%%%%%%%%%%%%%%%%%%%%%%%%%%%%%%%%%%%%%%%%%%%%%%%%%%%%%%%%%%%%%%%%%%%%%%%%
%%%%%%%%%%%%%%%%%%%%%%%%%%%% WCN references %%%%%%%%%%%%%%%%%%%%%%%%%%%%%%%
%%%%%%%%%%%%%%%%%%%%%%%%%%%%%%%%%%%%%%%%%%%%%%%%%%%%%%%%%%%%%%%

%%%%%%%%%%%%%%%%%%%%%%%%%%%%%%%%%%%%%%%%%%%%%%%%%%%%%%%%%%%%%%%
@inproceedings{wcn1_cdc10,
  author    = {M. Pajic and S. Sundaram and J. {Le Ny} and G. J. Pappas and R. Mangharam },
  title     = "{The Wireless Control Network: Synthesis and Robustness}",
  booktitle = "Proceedings of the 49th IEEE Conference on Decision and Control",
  pages			={7576-7581}, 
  year      = "2010"
}
%%%%%%%%%%%%%%


@inproceedings{wcn2_cdc10,
author={Sundaram, S. and Pajic, M. and Hadjicostis, C.N. and Mangharam, R. and Pappas, G.J.},
booktitle={Proceedings of the 49th IEEE Conference on Decision and Control}, 
title={{The Wireless Control Network: Monitoring for malicious behavior}},
year={2010},
pages={5979-5984}
}

@inproceedings{wcn_ipsn12,
 author = {M. Pajic and S. Sundaram and J. {Le Ny} and G. J. Pappas and R. Mangharam },
 title = {Closing the Loop: A Simple Distributed Method for Control over Wireless Networks},
 booktitle = {Proceedings of the 11th ACM/IEEE International Conference on Information Processing in Sensor Networks},
 series = {IPSN'12},
 year = {2012},
 pages = {25-36} 
} 

@inproceedings{wcn_rtw11,
  author    = {M. Pajic and S. Sundaram and G. J. Pappas and R. Mangharam },
  title     = "{A Simple Distributed Method for Control over Wireless Networks}",
  booktitle = "The First Workshop on Real-Time Wireless for Industrial Applications ",
  year      = "2011"
}

@INPROCEEDINGS{wcn_asilomar11,
author={Pajic, M. and Sundaram, S. and Pappas, G.J. and Mangharam, R.},
booktitle={2011 Conference Record of the Forty Fifth Asilomar Conference on Signals, Systems and Computers (ASILOMAR)}, title={Network synthesis for dynamical system stabilization},
year={2011},
pages={821-825}
}


@article{wcn_jsac12,
  author    = {M. Pajic and R. Mangharam and G. J. Pappas and S. Sundaram},
  title     = "{Topological Conditions for In-Network Stabilization of Dynamical Systems}",
  journal   = "IEEE Journal on Selected Areas in Communications",
	volume = "31",
  number = "4",
  pages     = "794-807", 
  year      = "2013"
}

@TECHREPORT{wcn_buildings,
  AUTHOR =        {M. Pajic and S. Sundaram and R. Mangharam and G. J. Pappas},
  TITLE =         {Low Cost Wireless Implementation of Building Control Systems},
  INSTITUTION =   {University of Pennsylvania},
  MONTH =         {Mar},
  YEAR  =         {2012}
}

%%%%%%%%%%%%%%%%%%%%%%%%%%%%%%%%%%%%%%%%%%%%%%%%%%%%%%%%%%%%%%%
@inproceedings{wcn_acc13,
  author    = {F. Miao and M. Pajic and R. Mangharam and G. J. Pappas},
  title     = "{Mapping Discrete-Time Controllers into Structured Computational Substrate}",
  booktitle = "American Control Conference",
  pages 		= "3002-3007", 
  year      = "2013"
}



%%%%%%%%%%%%%%%%%%%%%%%%%%	NCS	%%%%%%%%%%%%%%%%%%%%%%%%%%%%%%%%%
%%%%%%%%%%%%%%%%%%%%%%%%%%%%%%%%%%%%%%%%%%%%%%%%%%%%%%%%%%%%%%%%%
%%%%%%%%%%%%%%%% network control  

@inproceedings{gatsis_2013,
  author    = {K. Gatsis and M. Pajic and A. Ribeiro and G. J. Pappas},
  title     = "{Power-aware communication for wireless sensor-actuator systems}",
  booktitle   = "Proceedings of the 52th IEEE Conference on Decision and Control", 
  year      = "2013"
}

@inproceedings{pajic_CDC2013,
  author    = {M. Pajic and S. Sundaram and G. J. Pappas},
  title     = "{Stabilizability over Deterministic Relay Networks}",
  booktitle   = "Proceedings of the 52th IEEE Conference on Decision and Control", 
  year      = "2013"
}


@book{chen,
   author = "C.T. Chen",
   title= "Linear Systems, Theory and Design",
   publisher = "Oxford University Press",
   year = 1999
   }

@book{lin_sys,
   author = {P.J. Antsaklis and A.N. Michel},
   title= "Linear Systems",
   publisher = "McGraw Hill",
   year = 1997
   }

@inproceedings{ SundaramHadjicostis08p1,
  author = "S. Sundaram and C. N. Hadjicostis",
  title = "Distributed Function Calculation via Linear Iterations in the Presence of Malicious Agents -- Part~{I}: Attacking the Network",
  booktitle = "Proceedings of the American Control Conference",
  year = "2008",
  pages = "1350--1355"
  }
  
@inproceedings{ SundaramHadjicostis08p2,
  author = "S. Sundaram and C. N. Hadjicostis",
  title = "Distributed Function Calculation via Linear Iterations in the Presence of Malicious Agents -- Part~{II}: Overcoming Malicious Behavior",
  booktitle = "Proceedings of the American Control Conference",
  year = "2008",
  pages = "1356--1361"	
  }
  
@article{ Hespanha07,
  author = "J. P. Hespanha and P. Naghshtabrizi and Y. Xu",
  title = "A Survey of Recent Results in Networked Control Systems",
  journal = "Proceedings of the IEEE",
  volume = "95",
  number = "1",
  pages = "138--162",
  year = "2007"
}

@article{ Imer06,
  author = "O. C. Imer and S. Yuksel and T. Basar",
  title = "Optimal control of {LTI} systems over unreliable communication links",
  journal = "Automatica",
  volume = "42",
  number = "9",
  pages = "1429--1439",
  month = "Sep.",
  year = "2006"
}

@article{ Schenato07,
   author = "L. Schenato and B. Sinopoli and M. Franceschetti and K. Poolla and S. S. Sastry",
   title = "Foundations of Control and Estimation over Lossy Networks",
   journal = "Proceedings of the IEEE", 
   volume = "95",
   number = "1",
   pages = "163--187",
   year = "2007"
   }  

@INPROCEEDINGS{Platt05,
author={ G. Platt and M. Blyde and S. Curtin and J. Ward},
booktitle={the 2nd IEEE Workshop on Embedded Networked Sensors}, 
title={Distributed Wireless Sensor Networks and Industrial Control Systems --- A New Partnership},
year={2005},
pages={ 157 -- 158}
}


%%%%%%%%%sensor network references
@misc{ Honeywell09,
   author = "S. Amidi and A. Chernoguzov",
   title = "Wireless Process Control Network Architecture Overview",
   howpublished = "White Paper",
   organization = "Honeywell International Inc.",
   month = "Mar",
   year = "2009"
   }
 
@article{ Bakule08,
   author = "L. Bakule",
   title = "Decentralized control: An overview",
   journal = "Annual Reviews in Control",
   volume = "32",
   number = "1",
   pages = "87--98",
   year = "2008"
   }  
@inproceedings{Seiler01,
  author    = {P. Seiler and R. Sengupta},
  title     = "Analysis of communication losses in vehicle control problems",
  booktitle = "Proceedings of the American Control Conference",
  year      = "2001",
  pages     = "1491--1496"
}
@InCollection{Nagh05,
  author =       {Payam Naghshtabrizi and Jo{\~a}o Pedro Hespanha},
  title =        {Anticipative and Non-anticipative controller design for network control systems},
  booktitle =    {Networked Embedded Sensing and Control},
  year =         2006,
  pages =        {203--218},
  publisher =    {Springer},
  volume =       331,
  series =       "Lecture Notes in Control and Information Science"
}   
@book{ Lynch96,
   author = "N. A. Lynch",
   title = "Distributed Algorithms",
   publisher = "Morgan Kaufmann Publishers, Inc.",
   year = "1996"
}

@inproceedings{mani_ipsn10,
 author = {Schmid, Thomas and Dutta, Prabal and Srivastava, Mani B.},
 title = {High-resolution, low-power time synchronization an oxymoron no more},
 booktitle = {Proceedings of the 9th ACM/IEEE International Conference on Information Processing in Sensor Networks},
 series = {IPSN'10},
  pages = {151--161},
 year = {2010}
} 
%%%%%%%%%%%%%%%%%%%%%%%%%%%%%%%%%%%%%%%%%%%%%%%%%%
%%%%%TTA
@article{kopetz_TTA,
    author = {Kopetz, H. and Bauer, G.},
    title = {{The Time-Triggered Architecture}},
		journal = {Proceedings of the IEEE },
    year = {2003},
    volume = {91},
    number = {1},
    pages = {112--126}
} 

%%%%%TTA for control

@inproceedings{alur_rtas10,
 author = {Alur, R. and D'Innocenzo, A. and Johansson, K.H. and Pappas, G.J. and Weiss, G.},
 title = {Modeling and Analysis of Multi-hop Control Networks},
 booktitle = {RTAS'09: Proceedings of the 2009 15th IEEE Symposium on Real-Time and Embedded Technology and Applications},
 year = {2009},
 pages = {223--232}
 }

@inproceedings{weiss_cdc10,
author={Weiss, G. and D'Innocenzo, A. and Alur, R. and Johansson, K.H. and Pappas, G.J.},
booktitle={Proceedings of the 48th IEEE Conference on Decision and Control}, 
title={Robust stability of multi-hop control networks},
year={2009},
pages={2210-2215}
}


%%%%%compositional scheduling
@article{insup_compositional,
 author = {Shin, Insik and Lee, Insup},
 title = {Compositional real-time scheduling framework with periodic model},
 journal = {ACM Trans. Embed. Comput. Syst.},
 volume = {7},
 number = {3},
 year = {2008},
 pages = {1--39}
  }

@inproceedings{insup_incremental,
 author = {Easwaran, Arvind and Shin, Insik and Sokolsky, Oleg and Lee, Insup},
 title = {Incremental schedulability analysis of hierarchical real-time components},
 booktitle = {EMSOFT '06: Proceedings of the 6th ACM \& IEEE International conference on Embedded software},
 year = {2006},
 pages = {272--281}
 }
 
@inproceedings{lee_rtss04,
 author = {Shin, Insik and Lee, Insup},
 title = {Compositional Real-Time Scheduling Framework},
 booktitle = {RTSS '04: Proceedings of the 25th IEEE International Real-Time Systems Symposium},
 year = {2004},
 pages = {57--67}
 }

%%%%%% scheduling with offsets
@INPROCEEDINGS{Harbour_rtss98,
author={Palencia, J.C. and Gonzalez Harbour, M.},
journal={Real-Time Systems Symposium, 1998. Proceedings., The 19th IEEE}, title={Schedulability analysis for tasks with static and dynamic offsets },
year={1998},
pages={26 -37}
}

@INPROCEEDINGS{Harbour_ecrts03,
author={Palencia, J.C. and Harbour, M.G.},
journal={Real-Time Systems, 2003. Proceedings. 15th Euromicro Conference on}, title={Offset-based response time analysis of distributed systems scheduled under EDF},
year={2003},
month={jul.},
pages={ 3 - 12}
}

@TECHREPORT{Tindell_report,
  author = {Ken Tindell},
	title = {Adding Time-Offsets to Schedulability Analysis},
  YEAR  =         {1998}
}

@article{Tindell_holistic,
title = "Holistic schedulability analysis for distributed hard real-time systems",
journal = "Microprocessing and Microprogramming",
volume = "40",
number = "2-3",
pages = "117 - 134",
year = "1994",
note = "Parallel Processing in Embedded Real-time Systems",
author = "Ken Tindell and John Clark"
}



%%%%%%%%%%%%%% industrial busses

@misc{ profibus2,
   author = "",
   title = "General Purpose Field Communication System",
   organization = "WorldFIP, Union Technique de l'Electricite",
   volume = {3} ,
   month = "Mar",
   year = "1996"
   }


@incollection{ profibus1,
  author    = 	"U. Jecht and W. Stripf and P. Wenzel",
  title     = 	{Profibus: Open solutions for the world of automation},
  booktitle = 	{The Industrial Information Technology Handbook},
  year =         2005,
  publisher =    {CRC press},
  editor =       {R. Zurawski}
}


@incollection{ can,
  author    = 	"G. Cena and A. Valenzano",
  title     = 	"Operating Principles and features of {CAN} Networks",
  booktitle = 	{The Industrial Information Technology Handbook},
  year =         2005,
  publisher =    {CRC Press},
  editor =       {R. Zurawski}
}

@inproceedings{lui,
    author = {Karl Erik Arzen and Anton Cervin and Johan Eker and Lui Sha},
    title = {An Introduction to Control and Scheduling Co-Design},
		booktitle = {39th IEEE Conference on Decision and Control,},
    year = {2000}
}

@book{alg_design,
   author = "Jon Kleinberg and Eva Tardos",
   title= "{Algorithm Design}",
   publisher = "Addison-Wesley",
   year = 2005
   }

@book{positive_book,
   author = "Lorenzo Farina and Sergio Rinaldi",
   title= "{Positive linear systems: theory and applications}",
   publisher = "John-Willey \& Sons, Inc.",
   year = 2000
   }
   
   
@article{gupta09,
author = "V. Gupta and A. F. Dana and J. Hespanha and R. M. Murray and B. Hassibi",
title = "Data Transmission over Networks for Estimation and Control",
journal = "IEEE Transactions on Automatic Control",
volume = "54",
number = "8",
pages = "1807--1819",
year = "2009"
}


@article{ Robinson08,
   author = "C. L. Robinson and P. R. Kumar",
   title = "Optimizing Controller Location in Networked Control Systems with Packet Drops",
   journal = "IEEE Journal on Selected Areas in Communications",
   volume = "26",
   number = "4",
   pages = "661--671",
   year = "2008"
   }  
   
@inproceedings{Robinson07,
  author    = {C. L. Robinson and P. R. Kumar},
  title     = "Sending the most recent observation is not optimal in networked control",
  booktitle = "Proceedings of the 46th IEEE Conference on Decision and Control",
  year      = "2007",
  pages     = "334--339"
}

@book{multi_feedback,
   author = "S. Skogestad and I. Postlethwaite",
   title= "{Multivariable Feedback Control: Analysis and Design}",
   publisher = "Wiley",
   year = 1996
   }

@misc{ rtwt,
title = "{Real-Time Windows Target - Run Simulink models on a PC in real time. http://www.mathworks.com/products/rtwt. {MathWorks}}"
}

%%%%%%Standardization
@INPROCEEDINGS { pister,
    AUTHOR = { K. S.J. Pister and L. Doherty},
    BOOKTITLE = { International Symposium on Distributed Sensor Networks ({DSN})},
    TITLE = { TSMP: Time Synchronized Mesh Protocol },
    pages = {391-398},
    YEAR = { 2008 }
}

@article{hart,
title = "{ HART Field Communication Protocol Specification, Rev 7}",
organization = "{HART} Communication Foundation",
year = "2007"
}


@misc{ Hart07,
   title = "Why {WirelessHART}? {HART} Communication Foundation",
   howpublished = "White Paper",
   year = "2007"
   }

@misc{ Honeywell09,
   author = "S. Amidi and A. Chernoguzov",
   title = "Wireless Process Control Network Architecture Overview",
   howpublished = "White Paper",
   organization = "Honeywell International Inc.",
   month = "Mar",
   year = "2009"
   }

@inproceedings{HART_impl,
 author = {J. Song and S. Han and A. Mok and D. Chen and M. Lucas and M. Nixon and W. Pratt},
 title = "{{WirelessHART}: Applying Wireless Technology in Real-Time Industrial Process Control}",
 booktitle = {RTAS'08: Proceedings of the 2008 IEEE Real-Time and Embedded Technology and Applications Symposium},
 pages = {377-386},
 year = {2008}
 }
 
@misc{ isa100,
   author = "",
   title = "{{ISA100.11a}: Wireless systems for industrial automation, process control and related applications}",
   howpublished = "Standard",
	 year = "2009"
   }  
   
%%%%%%%%%%%%%%%%%%%%%
%%%%%%%%%%%%%%%%%%% CVX %%%%%%%%%%%%%%%%%%%%%
%%%%%%%%%%%%%%%%%%%%%



@incollection{gb08,
  author    = {M. Grant and S. Boyd},
  title     = {Graph implementations for nonsmooth convex programs},
  booktitle = {Recent Advances in Learning and Control},
  series    = {Lecture Notes in Control and Information Sciences},
  editor    = {V. Blondel and S. Boyd and H. Kimura},
  publisher = {Springer-Verlag Limited},
  pages     = {95--110},
  year      = 2008,
  note      = {\url{http://stanford.edu/~boyd/graph_dcp.html}}
}


@misc{CVX,
  title        = {{CVX: Matlab Software for Disciplined Convex Programming, version 2.0, http://cvxr.com/cvx. CVX Research, Inc.}},
  year         = 2012
}
 
@BOOK{lmi_book,
        AUTHOR             = {S. Boyd and L. {El~{G}haoui} and E. Feron and V. Balakrishnan},
        PUBLISHER          = {{SIAM}},
        SERIES             = {Studies in Applied Mathematics},
        TITLE              = {Linear Matrix Inequalities in System and Control Theory},
        VOLUME             = {15},
        YEAR               = {1994}
}
%%%%%%%%%%%%%%%%%%%%%%%%%%%%%%%%%%%%%%%%%%%%%%%%%%%%%%%%%%%%%%%%%%%%%%%%%%
%%%%%%%%%%%%%% Structured systems %%%%%%%%%%%%%%
%%%%%%%%%%%%%%%%%%%%%%%%%%%%%%%%%%%%%%%%%%%%%%%%%%%%%%%%%%%%%%%%%%%%%%%%%%

%%%%%%%%%% fixed modes
@article{ siljak_graph,
  author = "V. Pichai and M. E. Sezer and D. D. Siljak",
  title = "{A graph-theoretic characterization of structurally fixed modes}",
  journal = "Automatica",
	volume = "20",
	number = "2",
	pages = "247--250",
	year = "1984"
	}

@inproceedings{Sezer_min,
author={Mesut E. Sezer},
booktitle={Proceedings of the 22nd IEEE Conference on Decision and Control}, 
title={Minimal essential feedback patterns for pole assignment using dynamic compensation},
year={1983},
pages={28--32}
}

@article{siljak_fixed,
title = "Structurally fixed modes",
journal = "Systems \& Control Letters",
volume = "1",
number = "1",
pages = "60-64",
year = "1981",
author = "M.E. Sezer and D.D. Siljak"
}

@book{ siljak_book,
   author = "D.D. Siljak",
   title = "Decentralized control of complex systems",
   publisher = "Academic Press, Inc",
   year = "1991"
}

@ARTICLE{wang_davison,
author={ Shih-Ho Wang and Davison, E.},
journal={IEEE Transactions on Automatic Control}, 
title={On the stabilization of decentralized control systems},
year={1973},
volume={18},
number={5},
pages={ 473-478}
}

@article{Lavaei_graph1,
title = "A graph-theoretic method to find decentralized fixed modes of LTI systems",
journal = "Automatica",
volume = "43",
number = "12",
pages = "2129-2133",
year = "2007",
author = "Javad Lavaei and Amir G. Aghdam"
}

@INPROCEEDINGS{Lavaei_graph2,
author={Lavaei, J. and Aghdam, A.G.},
booktitle={American Control Conference, 2007. ACC '07}, 
title={Characterization of Decentralized and Quotient Fixed Modes via Graph Theory},
year={2007},
pages={790-795}
}

@ARTICLE{Lavaei_tac,
author={Lavaei, J. and Sojoudi, S.},
journal={IEEE Transactions on Automatic Control}, title={Time Complexity of Decentralized Fixed-Mode Verification},
year={2010},
volume={55},
number={4},
pages={971-976}
}

@article{ Dion03,
  author = "J.-M. Dion and C. Commault and J. {van der Woude}",
  title = "Generic properties and control of linear structured systems: a survey",
  journal = "Automatica",
  volume = "39",
  number = "7",
  pages = "1125--1144",
  year = "2003"
  }
  
@ARTICLE{davison_chang90,
author={Davison, E.J. and Chang, T.N.},
journal={Automatic Control, IEEE Transactions on}, title={Decentralized stabilization and pole assignment for general proper systems},
year={1990},
volume={35},
number={6},
pages={652-664}
}

@INPROCEEDINGS{anderson_moore80,
author={B. D. O. Anderson and J. B. Moore},
booktitle={19th IEEE Conference on Decision and Control including the Symposium on Adaptive Processes}, title={Time-varying feedback laws for decentralized control},
year={1980},
volume={19},
pages={519-524}
}

@article{anderson81,
title = "Algebraic characterization of fixed modes in decentralized control",
journal = "Automatica",
volume = "17",
number = "5",
pages = "703-712",
year = "1981",
author = "Brian D.O. Anderson and David J. Clements"
}

@book{ Reinschke88,
   author = "K. J. Reinschke",
   title = "Multivariable Control A Graph-Theoretic Approach",
   publisher = "Springer-Verlag",
   year = "1988"
}
  
%%%%%discrete-time fixed modes
@article{willems_dt,
title = "Time-varying feedback for the stabilization of fixed modes in decentralized control systems",
journal = "Automatica",
volume = "25",
number = "1",
pages = "127-131",
year = "1989",
author = "Jacques L. Willems"
}

@article {deliu_dt,
author = {Deliu, Ciprian and Malek, Babak and Roy, Sandip and Saberi, Ali and Stoorvogel, Anton A.},
title = {Decentralized control of discrete-time linear time invariant systems with input saturation},
journal = {International Journal of Robust and Nonlinear Control},
volume = {20},
number = {12},
pages = {1353--1362},
year = {2010},
}
#comment{International}

@article{Boukhobza09,
title = "State and input observability recovering by additional sensor implementation: A graph-theoretic approach",
journal = "Automatica",
volume = "45",
number = "7",
pages = "1737-1742",
year = "2009",
author = "T. Boukhobza and F. Hamelin"
}




@book{chen_book,
   author = "C.T. Chen",
   title= "Linear Systems, Theory and Design",
   publisher = "Oxford University Press",
   year = 1999
   }
   
   
%%%%%%%%%%%%%%%%%%%%%%%%%%%%%%%%%%%%%%%%%
%% Network Coding
%%%%%%%%%%%%%%%%%%%%%%%%%%%%%%%%%%%%%%%%%%

@incollection{ Yeung05,
   author = "R. W. Yeung and S.-Y. R. Li and N. Cai and Z. Zhang",
   title = "Network Coding Theory",
   booktitle = "Foundations and Trends in Communications and Information Theory",
   volume = "2",
   number = "4",
   pages = "241--381",
   year = "2005" 
}

@article{ Koetter03,
  author = "R. Koetter and M. Medard",
  title = "An Algebraic Approach to Network Coding",
  journal = "IEEE/ACM Transactions on Networking",
  volume = "11",
  number = "5",
  pages = "782--795",
  year = "2003"
  }  
@article{ Li03,
  author = "S.-Y. R. Li and R. W. Yeung and N. Cai",
  title = "Linear Network Coding",
  journal = "IEEE Transactions on Information Theory",
  volume = "49",
  number = "2",
  pages = "371--381",
  month = "Feb.",
  year = "2003"
  }  
  
@article{ shannon56,
  author = "P. Elias and A. Feinstein and C. Shannon",
  title = "A note on the maximum flow through a network",
  journal = "IEEE Transactions on Information Theory",
  volume = "2",
  number = "4",
  pages = "117 - 119",
  year = "1956"
  } 
  
@inproceedings{Wu05,
  author    = "Y. Wu and P. A. Chou and S.-Y. Kung",
  title     = "Information Exchange in Wireless Networks with Network Coding and Physical-layer Broadcast",
  booktitle = "Proceedings of the 2005 Conference on Information Sciences and Systems",
  year      = "2005",
  pages     = "113--122"
}
@inproceedings{Katti06,
  author    = "S. Katti and H. Rahul and W. Hu and D. Katabi and M. Medard and J. Crowcroft",
  title     = "{XORs} in the Air: Practical Wireless Network Coding",
  booktitle = "Proc. of {SIGCOMM'06}",
  year      = "2006",
  pages     = "243--254"
}

 %%%%%%complexity
@article{complexity,
author = "Vincent D. Blondel and John N. Tsitsiklis",
title = "{A survey of computational complexity results in systems and control}",
journal = "Automatica",
volume = "36",
  number = "9",
  pages = "1249--1274",
  year = "2000"
}


@article{NPlinear1,
author={V. Blondel and J.N. Tsitsiklis},
title="{NP-hardness of some linear control design problems}",
journal="SIAM Journal of Control and Optimization",
volume = "35",
number = "6",
year="1997",
pages={2118--2127}
}

@article{static_survey,
author = "V.L. Syrmos and C.T. Abdallah and P. Dorato and K. Grigoriadis",
title = "{Static output feedback -ÔøΩ A survey}",
journal = "Automatica",
volume = "33",
  number = "2",
  pages = "125--137",
  year = "1997"
}

@INPROCEEDINGS{NPbilinear,
author={Toker, O. and Ozbay, H.},
booktitle={Proceedings of the 14th American Control Conference},
 title={{On the NP-hardness of solving bilinear matrix inequalities and simultaneous stabilization with static output feedback}},
year={1995},
pages={2525 -- 2526},
}

@inproceedings{numerical_comparison,
  author    = {de Oliveira, M.C. and Geromel, J.C. },
  title     = "{Numerical comparison of output feedback design methods}",
  booktitle = "Proceedings of the 16th American Control Conference",
  pages={72-76}, 
  year      = "1997"
}


@article{ Woude91,
  author = "J. W. {van der Woude}",
  title = "A Graph-Theoretic Characterization for the Rank of the Transfer Matrix of a Structured System",
  journal = "Mathematics of Control, Signals and Systems",
  volume = "4",
  number = "1",
  pages = "33--40",
  year = "1991"
  }  
@book{ West01,
   author = "D. B. West",
   title = "Introduction to Graph Theory",
   publisher = "Prentice-Hall Inc.",
   year = "2001"
}


%%%%%%%%%%%%%%%%%%%%%%%%%%%%%%%%%%%%%%%%%%%%%%%%%%%%%%%%%%%%%%%%%%%%%%%%%%
%%%%%%%%%%%%%% Network Coding %%%%%%%%%%%%%%
%%%%%%%%%%%%%%%%%%%%%%%%%%%%%%%%%%%%%%%%%%%%%%%%%%%%%%%%%%%%%%%%%%%%%%%%%%

@INPROCEEDINGS{sahai_ltinets_fixed,
author={Park, Se Yong and Sahai, Anant},
booktitle={Decision and Control and European Control Conference (CDC-ECC), 2011 50th IEEE Conference on},
title={Network coding meets decentralized control: Capacity-stabilizabililty equivalence},
year={2011},
pages={4817 -4822}
}

@INPROCEEDINGS{sahai_lti,
author={Se Yong Park and Sahai, A.},
booktitle={2011 IEEE International Symposium on Information Theory Proceedings (ISIT)},
title={An algebraic mincut-maxflow theorem},
year={2011},
pages={608 -612}
}

@ARTICLE{medard03,
author={Koetter, R. and Medard, M.},
journal={IEEE/ACM Transactions on Networking},
title={An algebraic approach to network coding},
year={2003},
volume={11},
number={5},
pages={ 782 - 795}
}

@ARTICLE{Ahlswede2000,
author={Ahlswede, R. and Ning Cai and Li, S.-Y.R. and Yeung, R.W.},
journal={IEEE Transactions on Information Theory},
title={Network information flow},
year={2000},
volume={46},
number={4},
pages={1204 -1216}
}

@ARTICLE{li2011,
author={Li, S.-Y.R. and Sun, Q.T. and Ziyu Shao},
journal={Proceedings of the IEEE},
title={{Linear Network Coding: Theory and Algorithms}},
year={2011},
volume={99},
number={3},
pages={372 -387}
}

@ARTICLE{FordFulkerson,
author={L. R. Ford and D. R. Fulkerson},
journal={Canadian Journal of Mathematics},
title={Maximal flow through a network},
year={1956},
volume={5},
pages={399-404}
}


@TECHREPORT{microsoft_report,
  AUTHOR =        {Yunnan Wu and Philip A. Chou, and S. Y. Kung},
  TITLE =         {Information Exchange in Wireless Networks with Network Coding and Physical-layer Broadcast},
  INSTITUTION =   {Microsoft Research},
  YEAR  =         {2004},
  number = 				{MSR-TR-2004-78}
}

@article{boyd_average,
title = "Fast linear iterations for distributed averaging",
journal = "Systems \& Control Letters",
volume = "53",
number = "1",
pages = "65-78",
year = "2004",
month = "Sep.",
author = "L. Xiao and S. Boyd"
}

@ARTICLE{kumar_funct,
author={Giridhar, A. and Kumar, P.R.},
journal={IEEE Journal on Selected Areas in Communications}, 
title={Computing and communicating functions over sensor networks},
year={2005},
volume={23},
number={4},
pages={ 755 - 764}
}

@article{ sundaram_jsac,
  author = "S. Sundaram and C. N. Hadjicostis",
  title = "Distributed Function Calculation and Consensus Using Linear Iterative Strategies",
  journal = "IEEE Journal on Selected Areas in Communication",
  volume = "26",
  number = "4",
  pages = "650--660",
  year = "2008"
}

@INPROCEEDINGS{sundaram_med,
author={Sundaram, S. and Hadjicostis, C.N.},
booktitle={MED '09. 17th Mediterranean Conference on Control and Automation},
title={Linear iterative strategies for transmitting streams of values through sensor networks},
year={2009},
pages={106 -111}
}

@ARTICLE{sylvester,
author={Bartolini, G. and Ferrara, A. and Usani, E.},
journal={IEEE Transactions on Automatic Control}, 
title={Chattering avoidance by second-order sliding mode control},
year={1998},
month={feb},
volume={43},
number={2},
pages={241 -246}
}